<collection xmlns="http://www.loc.gov/MARC21/slim">
   <record>
      <leader>03657nam a2200445 i 4500</leader>
      <controlfield tag="001">6786247</controlfield>
      <controlfield tag="003">FlBoTFG</controlfield>
      <controlfield tag="005">20150115163112.0</controlfield>
      <controlfield tag="006">m|||||o||d||||||||</controlfield>
      <controlfield tag="007">cr||||</controlfield>
      <controlfield tag="008">150115t20152015fluabcd ob    001 0 eng d</controlfield>
      <datafield ind1=" " ind2=" " tag="020">
         <subfield code="a">9781482226959 (e-book : PDF)</subfield>
      </datafield>
      <datafield ind1=" " ind2=" " tag="035">
         <subfield code="a">ocn899004039</subfield>
      </datafield>
      <datafield ind1=" " ind2=" " tag="039">
         <subfield code="a">exclude</subfield>
      </datafield>
      <datafield ind1=" " ind2=" " tag="040">
         <subfield code="a">FlBoTFG</subfield>
         <subfield code="b">eng</subfield>
         <subfield code="e">rda</subfield>
         <subfield code="c">FlBoTFG</subfield>
         <subfield code="d">AEU</subfield>
      </datafield>
      <datafield ind1=" " ind2="4" tag="050">
         <subfield code="a">HD38.5</subfield>
         <subfield code="b">.G577 2015</subfield>
      </datafield>
      <datafield ind1=" " ind2=" " tag="090">
         <subfield code="a">Internet Access</subfield>
         <subfield code="b">AEU</subfield>
      </datafield>
      <datafield ind1="0" ind2="0" tag="245">
         <subfield code="a">Global logistics management /</subfield>
         <subfield code="c">edited by Bahar Y. Kara, İhsan Sabuncuoğlu, Bopaya Bidanda.</subfield>
      </datafield>
      <datafield ind1=" " ind2="1" tag="264">
         <subfield code="a">Boca Raton, FL :</subfield>
         <subfield code="b">CRC Press,</subfield>
         <subfield code="c">[2015]</subfield>
      </datafield>
      <datafield ind1=" " ind2="4" tag="264">
         <subfield code="c">©2015</subfield>
      </datafield>
      <datafield ind1=" " ind2=" " tag="300">
         <subfield code="a">1 online resource.</subfield>
      </datafield>
      <datafield ind1=" " ind2=" " tag="336">
         <subfield code="a">text</subfield>
         <subfield code="2">rdacontent</subfield>
         <subfield code="0">http://id.loc.gov/vocabulary/contentTypes/txt</subfield>
      </datafield>
      <datafield ind1=" " ind2=" " tag="337">
         <subfield code="a">computer</subfield>
         <subfield code="2">rdamedia</subfield>
         <subfield code="0">http://id.loc.gov/vocabulary/mediaTypes/c</subfield>
      </datafield>
      <datafield ind1=" " ind2=" " tag="338">
         <subfield code="a">online resource</subfield>
         <subfield code="2">rdacarrier</subfield>
         <subfield code="0">http://id.loc.gov/vocabulary/carriers/cr</subfield>
      </datafield>
      <datafield ind1="1" ind2=" " tag="490">
         <subfield code="a">Industrial engineering : management, tools, and applications</subfield>
      </datafield>
      <datafield ind1=" " ind2=" " tag="504">
         <subfield code="a">Includes bibliographical references and indexes.</subfield>
      </datafield>
      <datafield ind1="0" ind2=" " tag="505">
         <subfield code="a">Daily planning for three-echelon logistics associated with inventory management under demand deviation / Yoshiaki Shimizu -- New local search algorithm for vehicle routing problem with simultaneous pickup and delivery / Mustafa Avci and Şeyda Topaloğlu -- Optimal fencing in airline industry with demand leakage / Syed Asif Raza and Mihaela Turiac -- Bi-objective berth-crane allocation problem in container terminals / Deniz Ozdemir and Evrium Ursavas -- Route selection problem in the Arctic region for the global logistics industry / Bekir Sahin -- Route design in a pharmaceutical warehouse via mathematical programming / Zeynel Sirma, Aysun Akiş, Zeynep Yalçin, and Fadime Üney-Yüksektepe -- Integrated decision model for medical supplier evaluation / Mehtap Dursun, Zeynep Sener, and E. Ertugrul Karsak -- Arc selection and routing for restoration of network connectivity after a disaster / Ayşe Nur Asaly and F. Sibel Salman -- Feasibility study of shuttle services to reduce bus congestion in downtown Izmir / Erdinç Öner [and seven others] -- Relocation of the power transmission and distribution division of a multinational electronics and electrical engineering company / Mesut Kumru -- Location problems with demand regions / Derya Dinler, Mustafa Kemal Tural, and Cem Iyigün -- A new approach for synchronizing production and distribution scheduling : case study / E. Ghorbani-Totkaleh, M. Amin Nayeri, and M. Sheikh Sajadieh -- An integrated replenishment and transportation model : computational performance assessment / Ramez Kian, Emre Berk, and Ülkü Gürler.</subfield>
      </datafield>
      <datafield ind1=" " ind2=" " tag="506">
         <subfield code="a">Access restricted to authorized users and institutions.</subfield>
      </datafield>
      <datafield ind1=" " ind2=" " tag="596">
         <subfield code="a">44</subfield>
      </datafield>
      <datafield ind1=" " ind2="0" tag="650">
         <subfield code="a">Business logistics</subfield>
         <subfield code="x">Mathematical models.</subfield>
      </datafield>
      <datafield ind1=" " ind2="0" tag="650">
         <subfield code="a">Production engineering.</subfield>
         <subfield code="0">http://id.loc.gov/authorities/subjects/sh85107212</subfield>
      </datafield>
      <datafield ind1="1" ind2=" " tag="700">
         <subfield code="a">Kara, Bahar Y.</subfield>
         <subfield code="q">(Bahar Yetis),</subfield>
         <subfield code="e">editor.</subfield>
         <subfield code="0">http://id.loc.gov/authorities/names/n2014031276</subfield>
         <subfield code="0">http://viaf.org/viaf/308755416</subfield>
      </datafield>
      <datafield ind1="1" ind2=" " tag="700">
         <subfield code="a">Sabuncuoglu, Ihsan</subfield>
         <subfield code="c">(Engineer),</subfield>
         <subfield code="e">editor.</subfield>
      </datafield>
      <datafield ind1="1" ind2=" " tag="700">
         <subfield code="a">Bidanda, Bopaya,</subfield>
         <subfield code="e">editor.</subfield>
         <subfield code="0">http://id.loc.gov/authorities/names/n88237894</subfield>
         <subfield code="0">http://viaf.org/viaf/31101096</subfield>
      </datafield>
      <datafield ind1=" " ind2=" " tag="758">
         <subfield code="0">http://worldcat.org/entity/work/id/24339115</subfield>
      </datafield>
      <datafield ind1="0" ind2=" " tag="787">
         <subfield code="n">OCLC Work Id</subfield>
         <subfield code="o">http://worldcat.org/entity/work/id/24339115</subfield>
      </datafield>
      <datafield ind1=" " ind2="0" tag="830">
         <subfield code="a">Industrial engineering : management, tools, and applications.</subfield>
      </datafield>
      <datafield ind1="4" ind2="0" tag="856">
         <subfield code="3">University of Alberta Access</subfield>
         <subfield code="u">http://marc.crcnetbase.com/isbn/9781482226959</subfield>
         <subfield code="z">(Unlimited Concurrent Users)</subfield>
      </datafield>
      <datafield ind1=" " ind2=" " tag="949">
         <subfield code="h">UAIN</subfield>
         <subfield code="z">CRC</subfield>
      </datafield>
      <datafield ind1=" " ind2=" " tag="926">
         <subfield code="a">Internet Access</subfield>
         <subfield code="w">LC</subfield>
         <subfield code="c">1</subfield>
         <subfield code="i">6786247-1001</subfield>
         <subfield code="l">INTERNET</subfield>
         <subfield code="m">UAINTERNET</subfield>
         <subfield code="r">Y</subfield>
         <subfield code="s">Y</subfield>
         <subfield code="t">E-RESOURCE</subfield>
         <subfield code="u">1/20/2015</subfield>
         <subfield code="x">E-BOOK</subfield>
         <subfield code="z">CRC</subfield>
      </datafield>
   </record>
</collection>
